<record xmlns='http://www.loc.gov/MARC21/slim'><leader>01324cim a22003372u 4500</leader><controlfield tag='001'>3601360</controlfield><controlfield tag='005'>20151214182835.0</controlfield><controlfield tag='007'>ss|lmnjluz|nuu</controlfield><controlfield tag='008'>991101s1984    nyunnn         l    eng d</controlfield><datafield ind1=' ' ind2=' ' tag='035'><subfield code='a'>(NIC)notisASF8425</subfield></datafield><datafield ind1=' ' ind2=' ' tag='035'><subfield code='a'>3601360</subfield></datafield><datafield ind1=' ' ind2=' ' tag='035'><subfield code='a'>(OCoLC)63897468</subfield></datafield><datafield ind1=' ' ind2=' ' tag='040'><subfield code='a'>NIC</subfield><subfield code='c'>NIC</subfield><subfield code='d'>NIC</subfield><subfield code='d'>NIC</subfield></datafield><datafield ind1='1' ind2=' ' tag='100'><subfield code='a'>Kennedy, Florynce,</subfield><subfield code='d'>1916-2000.</subfield></datafield><datafield ind1='1' ind2='0' tag='245'><subfield code='a'>Feminist activism and the law</subfield><subfield code='h'>[sound recording]</subfield></datafield><datafield ind1=' ' ind2=' ' tag='260'><subfield code='c'>1984.</subfield></datafield><datafield ind1=' ' ind2=' ' tag='300'><subfield code='a'>1 sound cassette (59 min.) :</subfield><subfield code='b'>analog, mono.</subfield></datafield><datafield ind1=' ' ind2=' ' tag='500'><subfield code='a'>Recorded in Ithaca, NY by Cornell University.</subfield></datafield><datafield ind1=' ' ind2=' ' tag='500'><subfield code='a'>Accompanied by: Notes.</subfield></datafield><datafield ind1=' ' ind2=' ' tag='500'><subfield code='a'>Sponsored by: Women&apos;s Law Coalition,Women&apos;s Studies Program,Architecture, Art and Planning, College of,Vice-President of Campus Affairs, Research and Advanced Studies,ABA-Law, Student Division.</subfield></datafield><datafield ind1=' ' ind2=' ' tag='518'><subfield code='a'>Lecture, March 2, 1984.</subfield></datafield><datafield ind1=' ' ind2=' ' tag='520'><subfield code='a'>Kennedy describes the &quot;place&quot; of women in the legal profession.</subfield></datafield><datafield ind1=' ' ind2='0' tag='650'><subfield code='a'>Feminism.</subfield></datafield><datafield ind1=' ' ind2='0' tag='650'><subfield code='a'>Women</subfield><subfield code='x'>Legal status, laws, etc.</subfield></datafield><datafield ind1=' ' ind2='0' tag='650'><subfield code='a'>Women</subfield><subfield code='x'>Political activity.</subfield></datafield><datafield ind1=' ' ind2='7' tag='650'><subfield code='a'>Feminism</subfield><subfield code='2'>fast</subfield><subfield code='0'>(OCoLC)fst00922671</subfield></datafield><datafield ind1=' ' ind2='7' tag='650'><subfield code='a'>Women</subfield><subfield code='x'>Legal status, laws, etc.</subfield><subfield code='2'>fast</subfield><subfield code='0'>(OCoLC)fst01176824</subfield></datafield><datafield ind1=' ' ind2='7' tag='650'><subfield code='a'>Women</subfield><subfield code='x'>Political activity</subfield><subfield code='2'>fast</subfield><subfield code='0'>(OCoLC)fst01734136</subfield></datafield><datafield ind1='1' ind2=' ' tag='899'><subfield code='a'>CULectures</subfield></datafield><datafield ind1=' ' ind2=' ' tag='905'><subfield code='a'>20000217120000.0</subfield></datafield><datafield ind1='2' ind2=' ' tag='948'><subfield code='a'>20141221</subfield><subfield code='b'>m</subfield><subfield code='d'>batch</subfield><subfield code='e'>lts</subfield><subfield code='x'>addfast</subfield></datafield></record>